%%% BIBLIOGRAPHIE

%%% PAPER



%%% ONLINE

% Speedrung dot com
@online{SpeedrunDotCom,
title = { Speedrun.com - Super Mario 64 },
   author = {Speedrun.com},
   url = {https://www.speedrun.com/sm64},
   urldate = {2023-07-26},
   date = {2023},
   Keywords = {online}
} 


% Super Mario 64 Speedrun
@online{Sm64Speed,
title = { Super Mario 64 by Simply in 1:40:17 - Summer Games Done Quick 2022 },
   author = {Games Done Quick},
   url = {https://www.youtube.com/watch?v=hFZEBrFfoUo&t=6254s},
   urldate = {2023-07-26},
   date = {2022},
   Keywords = {online}
} 

% Speedrunds explained
@online{speedrun,
title = { Video Game Speedruns Explained },
   author = {Nate Williams},
   url = {https://history-computer.com/video-game-speedruns-explained/},
   urldate = {2023-07-26},
   date = {2023},
   Keywords = {online}
} 

% Rigging
@online{rigging,
title = { What is 3D rigging? },
   author = {Pluralsight LLC},
   url = {https://www.pluralsight.com/blog/film-games/key-rigging-terms-get-moving},
   urldate = {2023-07-27},
   date = {2023},
   Keywords = {online}
} 

% Unreal retargeting
@online{retarget,
title = { IK Rig Retargeting },
   author = {Epic Games},
   url = {https://docs.unrealengine.com/5.1/en-US/ik-rig-animation-retargeting-in-unreal-engine/},
   urldate = {2023-07-27},
   date = {2023},
   Keywords = {online}
} 

% GDC building a better jump
@online{gdc,
title = { Math for Game Programmers: Building a Better Jump },
   author = {GDC},
   url = {https://www.youtube.com/watch?v=hG9SzQxaCm8&t=461s},
   urldate = {2023-07-27},
   date = {2017},
   Keywords = {online}
}

% Gamke Makers Toolkit
@online{gameMakerTool,
title = { Why Does Celeste Feel So Good to Play? },
   author = {Game Maker's Toolkit},
   url = {https://www.patreon.com/posts/28582857},
   urldate = {2023-07-27},
   date = {2019},
   Keywords = {online}
}

% Data Asset
@online{dataAsset,
title = { UDataAsset },
   author = {Epic Games},
   url = {https://docs.unrealengine.com/5.0/en-US/API/Runtime/Engine/Engine/UDataAsset/},
   urldate = {2023-07-27},
   date = {2023},
   Keywords = {online}
}

%%% BOOKS
% Blood, Sweat and Pixels BABEE
@book{schreier2017blood,
  title={Blood, sweat, and pixels: The triumphant, turbulent stories behind how video games are made},
  author={Schreier, Jason},
  year={2017},
  publisher={Harper New York}
}

% Game feel
@book{swink2008game,
  title={Game feel: a game designer's guide to virtual sensation},
  author={Swink, Steve},
  year={2008},
  publisher={CRC press}
}


%%% LUDOGRAPHY

@misc{SuperMario64,
	Author = {{Nintendo}},
	Date-Added = {/},
	Date-Modified = {/},
	Howpublished = {\url{https://www.nintendo.de/Spiele/Nintendo-64/Super-Mario-64-269745.html}},
	Keywords = {game},
	Note = {Last accessed 2023-07-26},
	Title = {{Super Mario 64}},
	Year = {1996}}

@misc{DonkeyKong64,
	Author = {{Rare}},
	Date-Added = {/},
	Date-Modified = {/},
	Howpublished = {\url{https://www.nintendo.de/Spiele/Nintendo-64/Donkey-Kong-64-269459.html}},
	Keywords = {game},
	Note = {Last accessed 2023-07-26},
	Title = {{Donkey Kong 64}},
	Year = {1999}}

@misc{BanjoKazooie,
	Author = {{Rare}},
	Date-Added = {/},
	Date-Modified = {/},
	Howpublished = {\url{https://www.xbox.com/de-DE/games/store/banjo-kazooie/bsjg7ttswvj2}},
	Keywords = {game},
	Note = {Last accessed 2023-07-26},
	Title = {{Banjo Kazooie}},
	Year = {1998}}